<?xml version="1.0" encoding="UTF-8"?><collection><record><leader>08037ntm a2200661 a 4500</leader><controlfield tag="001">006818743</controlfield><controlfield tag="003">MiAaHDL</controlfield><controlfield tag="005">20190719000000.0</controlfield><controlfield tag="006">m        d        </controlfield><controlfield tag="007">cr bn ---auaua</controlfield><controlfield tag="008">090615q14811520xx            00| ||per d</controlfield><datafield tag="035" ind1=" " ind2=" "><subfield code="a">(MiU)006818743</subfield></datafield><datafield tag="035" ind1=" " ind2=" "><subfield code="a">sdr-miu006818743</subfield></datafield><datafield tag="040" ind1=" " ind2=" "><subfield code="a">MiU</subfield><subfield code="c">MiU</subfield><subfield code="e">amremm</subfield></datafield><datafield tag="043" ind1=" " ind2=" "><subfield code="a">n-us-mi</subfield></datafield><datafield tag="100" ind1="0" ind2=" "><subfield code="6">880-01</subfield><subfield code="a">Jāmī,</subfield><subfield code="d">1414-1492.</subfield></datafield><datafield tag="245" ind1="1" ind2="0"><subfield code="6">880-03</subfield><subfield code="a">[Lavāyiḥ va Kitāb-i Yūnis va Mūnis,</subfield><subfield code="f">late 15th or early 16th century?].</subfield></datafield><datafield tag="246" ind1="3" ind2=" "><subfield code="a">Lavāʼiḥ</subfield></datafield><datafield tag="246" ind1="3" ind2=" "><subfield code="a">لوائح</subfield></datafield><datafield tag="246" ind1="3" ind2=" "><subfield code="a">لوايح در بيان معارف و معانى</subfield></datafield><datafield tag="246" ind1="3" ind2=" "><subfield code="i">Title of opening work from opening matter on fol.3b:</subfield><subfield code="a">لوایح در بیان معارف ومعانی</subfield></datafield><datafield tag="260" ind1=" " ind2=" "><subfield code="c">[1481-1520?].</subfield></datafield><datafield tag="300" ind1=" " ind2=" "><subfield code="a">67 leaves :</subfield><subfield code="b">paper ;</subfield><subfield code="c">178 x 118 (106 x 75) mm.</subfield></datafield><datafield tag="500" ind1=" " ind2=" "><subfield code="a">Shelfmark: Ann Arbor, University of Michigan, Special Collections Library, Isl. Ms. 355</subfield></datafield><datafield tag="500" ind1=" " ind2=" "><subfield code="a">Origin: Date (likely of composition) at close of second work obscured, though according to inscription on 'title page' "برای سلطان روم بايزيد خان" and dedication in opening matter, composed (and this copy possibly executed) for Sultan Bayezit II (r.1481-1512). Decoration would suggest late 15th or early 16th century. Opening work likely contemporary or possibly slightly later.</subfield></datafield><datafield tag="500" ind1=" " ind2=" "><subfield code="a">Accompanying materials: Slip of wove paper with note describing manuscript in black ink, possibly in hand of G. Meredith-Owens, reads "355 On tinted paper 1) Lavāʼiḥ A system of Ṣūfī doctrines by Jāmī. 2) Yūnus ve Muʼnis, a mas̲navī poem by Jāmī (of Rūm) for Bayezīd II followed by a qaṣīdeh in honor of the same. Copied probably in Turkey 16th century"</subfield></datafield><datafield tag="500" ind1=" " ind2=" "><subfield code="a">Former shelfmark: "502 T. De M. [i.e. Tammaro De Marinis]" inscribed in pencil on verso of front flyleaf ; ٥٧٩ on spine label.</subfield></datafield><datafield tag="500" ind1=" " ind2=" "><subfield code="a">Binding: Pasteboards covered in dark red leather ; Type II binding (with flap) ; pastedowns and flyleaves in faint-pink, coated and textured paper (embossed with scrolling vines) ; upper and lower covers carry tooled and gold-painted borders ; paper label on spine ; sewn in light pink thread, two stations ; worked chevron endbands in pink and yellow, fair condition ; overall in fairly good condition with only minor abrasion, etc.</subfield></datafield><datafield tag="500" ind1=" " ind2=" "><subfield code="a">Support: non-European (likely Persian) laid paper, mainly with 8 laid lines per cm. (horizontal, curved) and no chain lines plainly visible, cloudy formation, thin and crisp, tinted mainly pale pink / salmon, quite well-burnished ; in opening section, written area mounted in frame of contrasting color (blue, pink, yellow, etc.) ; pastedowns, flyleaves, and later repairs in European laid paper.</subfield></datafield><datafield tag="500" ind1=" " ind2=" "><subfield code="a">Decoration: Elegant (though somewhat damaged and repaired) illuminated headpiece (ʻunwān / sarlawḥ) at opening of first work (fol.1b) consisting of rectangular piece with empty gold cartouche flanked by gold pendants and surmounted by swirling vegetal motifs on a light blue ground bordered in bands of white (with black crosses) and heavy gold interlace, surmounted by a scalloped triangular hasp set in a rectangular band filled with swirling floral vegetal motifs in red, white, etc. on a gold ground with turquoise, black and light blue accents, itself surmounted by vertical stalks (tīgh) in light blue ; written area throughout surrounded by gold frame, divisions within defined by narrower gold bands ; in opening work, written area typically tinted light green, light yellow, light blue, etc. set into a frame of paper tinted a contrasting light pink, light blue, etc. with an outermost rule in light blue or white that contrasts with tint of margin ; marginal glosses in decorative shapes ; exquisite illuminated headpiece at opening of second work on fol.30b consisting of rectangular piece with gold cartouche (in fashion of mandorla with pendants) carrying the basmalah in white nastaʻlīq/talik amidst delicate floral vegetal decorations set on a dark blue ground overlaid with delicate arabesques, all bordered in bands of gold, turquoise and dark blue and surmounted by vertical stalks (tīgh) in dark blue ; similar illuminated headpiece at opening of closing panegyric with gold cartouche carrying heading in white ("وفى مدحه خلد ملكه") surrounded by delicate floral motifs in gold, bordered in bands of gold and dark blue with minimal vertical stalks ; headings in final works chrysographed.</subfield></datafield><datafield tag="500" ind1=" " ind2=" "><subfield code="a">Script: Nastaʻlīq (talik) ; exquisite hand in a medium line ; serifless, with effect of words descending to baseline, closed counters, elongation and contrasting thickness of horizontal strokes, sweeping bar on kāf, pointing in distinct dots, point of final nūn set in a wide, deep bowl.</subfield></datafield><datafield tag="500" ind1=" " ind2=" "><subfield code="a">Layout: Written in 11 and 9 lines per page with written area occasionally divided to two columns to set-off poetry ; frame-ruled.</subfield></datafield><datafield tag="500" ind1=" " ind2=" "><subfield code="a">Collation: i, IV (8), 2 III(20), IV (28), I (30), IV-1 (37), 2 IV(53), III (59), III+1 (66), 1 (67), i ; mid-quire marks in the form of oblique strokes in black ink (upper outer margin of the right-hand leaf) ; catchwords present.</subfield></datafield><datafield tag="500" ind1=" " ind2=" "><subfield code="a">Dedication: Second work composed for Sultan Bayezit II (r.1481-1512), see inscription on 'title page' (fol.30a) and opening matter (fol.33b).</subfield></datafield><datafield tag="500" ind1=" " ind2=" "><subfield code="a">Incipit: [Lavāyiḥ-i Jāmī] "لا احصى ثناء عليك كيف و كل ثناء يعود اليك جل عن ثنائى جناب قدسك انت ... این رساله ایست مسمی بلوایح در بیان معارف و معانی که بر الواح ..." ; [Yūnis va Mūnis] "بنام کردگار انجام افروز بهم پیوسته کردان شب و روز ...آغاز حکایت یونس و مونس چنین دیدم ز تاریخ غزانی ..."</subfield></datafield><datafield tag="500" ind1=" " ind2=" "><subfield code="a">Title supplied by cataloguer.</subfield></datafield><datafield tag="500" ind1=" " ind2=" "><subfield code="a">Ms. composite codex.</subfield></datafield><datafield tag="505" ind1="0" ind2=" "><subfield code="a">5. fol.59b-fol.63a : [panegyric for Bayezit II opening with heading "Va fī madḥih khalada mulkuh..."] / Jāmī [?].</subfield></datafield><datafield tag="505" ind1="0" ind2=" "><subfield code="a">4. fol.59a : [blank].</subfield></datafield><datafield tag="505" ind1="0" ind2=" "><subfield code="a">3. fol.30a-fol.58b : Kitāb-i Yūnis va Mūnis / az taʼlīfāt-i Mawlānā Jāmī.</subfield></datafield><datafield tag="505" ind1="0" ind2=" "><subfield code="a">2. fol.29b : [blank].</subfield></datafield><datafield tag="505" ind1="0" ind2=" "><subfield code="a">1. fol.1b-fol.29a : Lavāyiḥ dar bayān-i maʻārif va maʻānī / Jāmī.</subfield></datafield><datafield tag="520" ind1="8" ind2=" "><subfield code="a">Superbly executed composite codex opening with Jāmī's Lavāʼiḥ, followed by Kitāb-i Yūnis va Mūnis also attributed to Jāmī and dedicated to Sultan Bayezit II (r.1481-1512), in fact closing with a panegyric for him.</subfield></datafield><datafield tag="538" ind1=" " ind2=" "><subfield code="a">Mode of access: Internet.</subfield></datafield><datafield tag="541" ind1=" " ind2=" "><subfield code="c">Purchase ;</subfield><subfield code="a">Acquired by purchase (funds donated by Horace Rackham).</subfield><subfield code="d">1924.</subfield></datafield><datafield tag="546" ind1=" " ind2=" "><subfield code="a">Persian.</subfield></datafield><datafield tag="561" ind1=" " ind2=" "><subfield code="a">Inscriptions in pencil on verso of front flyleaf "502 T. De M. [i.e. Tammaro De Marinis]" ; oval seal impression in outer margin of fol.19b (possibly dated 1038 [1628 or 29]) ; faint oval impressions (one small and one large) visible on incipit page of second work (fol.30b) ; marginal glosses in opening work arranged decoratively in geometric shapes (mainly cypress or dhū al-fiqār) with lines within ruled (impression evident), otherwise fairly clean copy ; at close, Nat-i şerif of the grand vizier Mehmet Emin Âli Paşa (d.1871) with takhmīs of Tayârzade Ahmet Ata (d.1877).</subfield></datafield><datafield tag="650" ind1=" " ind2="0"><subfield code="a">Manuscripts, Persian</subfield><subfield code="z">Michigan</subfield><subfield code="z">Ann Arbor.</subfield></datafield><datafield tag="650" ind1=" " ind2="0"><subfield code="a">Persian poetry</subfield><subfield code="y">747-1500.</subfield></datafield><datafield tag="650" ind1=" " ind2="0"><subfield code="a">Sufism</subfield><subfield code="v">Early works to 1800.</subfield></datafield><datafield tag="655" ind1=" " ind2="7"><subfield code="a">Headpieces (layout features)</subfield><subfield code="y">15th century.</subfield><subfield code="2">aat</subfield></datafield><datafield tag="700" ind1="0" ind2=" "><subfield code="a">Abdülhamid</subfield><subfield code="b">II,</subfield><subfield code="c">Sultan of the Turks,</subfield><subfield code="d">1842-1918,</subfield><subfield code="e">former owner.</subfield></datafield><datafield tag="740" ind1="0" ind2="2"><subfield code="a">كتاب يونس و مونس</subfield></datafield><datafield tag="740" ind1="0" ind2="2"><subfield code="6">880-05</subfield><subfield code="a">Kitāb-i Yūnis va Mūnis</subfield></datafield><datafield tag="773" ind1="0" ind2=" "><subfield code="a">Abdul Hamid Collection.</subfield></datafield><datafield tag="880" ind1="0" ind2="2"><subfield code="6">740-05/</subfield><subfield code="a">کتاب یونس و مونس</subfield></datafield><datafield tag="880" ind1="1" ind2="0"><subfield code="6">245-03/</subfield><subfield code="a">[لوایح و کتاب یونس و مونس,</subfield><subfield code="f">پایان قرن 15 یا اغاز قرن 16م؟].</subfield></datafield><datafield tag="880" ind1="0" ind2=" "><subfield code="6">100-01/</subfield><subfield code="a">جامي</subfield></datafield><datafield tag="CID" ind1=" " ind2=" "><subfield code="a">006818743</subfield></datafield><datafield tag="DAT" ind1="0" ind2=" "><subfield code="a">20190719102639.0</subfield><subfield code="b">20190719000000.0</subfield></datafield><datafield tag="DAT" ind1="1" ind2=" "><subfield code="a">20190719090653.0</subfield><subfield code="b">2019-07-19T16:10:52Z</subfield></datafield><datafield tag="DAT" ind1="2" ind2=" "><subfield code="a">2015-10-02T18:00:03Z</subfield></datafield><datafield tag="CAT" ind1=" " ind2=" "><subfield code="a">SDR-MIU</subfield><subfield code="d">EX LIBRIS - ALEPH</subfield><subfield code="l">prepare.pl-004-008</subfield></datafield><datafield tag="FMT" ind1=" " ind2=" "><subfield code="a">BK</subfield></datafield><datafield tag="HOL" ind1=" " ind2=" "><subfield code="0">sdr-miu006818743</subfield><subfield code="a">MiU</subfield><subfield code="b">SDR</subfield><subfield code="c">MIU</subfield><subfield code="p">mdp.39015079129980</subfield><subfield code="s">MIU</subfield><subfield code="1">006818743</subfield></datafield><datafield tag="974" ind1=" " ind2=" "><subfield code="b">MIU</subfield><subfield code="c">MIU</subfield><subfield code="d">20190719</subfield><subfield code="s">lit-dlps-dc</subfield><subfield code="u">mdp.39015079129980</subfield><subfield code="y">1520</subfield><subfield code="r">pd</subfield><subfield code="q">bib</subfield><subfield code="t">non-US bib date2 &lt; 1879</subfield></datafield></record></collection>